@book{Madhow,
    author    = "Upamanyu Madhow",
    title     = "Fundamentals of Digital Communications",
    year      = "2008",
    publisher = "Cambridge Univeristy Press"
}
